@article{piccolo1990distance,
  title={A distance measure for classifying ARIMA models},
  author={Piccolo, Domenico},
  journal={Journal of Time Series Analysis},
  volume={11},
  number={2},
  pages={153--164},
  year={1990},
  publisher={Wiley Online Library}
}

@article{otranto2004classifying,
  title={Classifying the markets volatility with ARMA distance measures},
  author={Otranto, Edoardo and others},
  journal={Quaderni di Statistica},
  volume={6},
  pages={1--19},
  year={2004}
}

@article{chernozhukov2017lava,
  title={A lava attack on the recovery of sums of dense and sparse signals},
  author={Chernozhukov, Victor and Hansen, Christian and Liao, Yuan and others},
  journal={The Annals of Statistics},
  volume={45},
  number={1},
  pages={39--76},
  year={2017},
  publisher={Institute of Mathematical Statistics}
}

@article{anastasiou2019detecting,
  title={Detecting multiple generalized change-points by isolating single ones},
  author={Anastasiou, Andreas and Fryzlewicz, Piotr},
  journal={arXiv preprint arXiv:1901.10852},
  year={2019}
}

@article{baranowski2019narrowest,
  title={Narrowest-over-threshold detection of multiple change points and change-point-like features},
  author={Baranowski, Rafal and Chen, Yining and Fryzlewicz, Piotr},
  journal={Journal of the Royal Statistical Society: Series B (Statistical Methodology)},
  volume={81},
  number={3},
  pages={649--672},
  year={2019},
  publisher={Wiley Online Library}
}

@article{luciani2014forecasting,
  title={Forecasting with approximate dynamic factor models: The role of non-pervasive shocks},
  author={Luciani, Matteo},
  journal={International Journal of Forecasting},
  volume={30},
  number={1},
  pages={20--29},
  year={2014},
  publisher={Elsevier}
}

@article{maeng2019detecting,
  title={Detecting linear trend changes and point anomalies in data sequences},
  author={Maeng, Hyeyoung and Fryzlewicz, Piotr},
  journal={arXiv preprint: 1906.01939},
  year={2019}
}

@article{fearnhead2020relating,
  title={Relating and Comparing Methods for Detecting Changes in Mean},
  author={Fearnhead, Paul and Rigaill, Guillem},
  journal={Stat},
  pages={e291},
  year={2020},
  publisher={Wiley Online Library}
}

@phdthesis{maidstone2016efficient,
  title={Efficient analysis of complex changepoint problems},
  author={Maidstone, Robert},
  year={2016},
  school={Lancaster University}
}

@article{weinmann2015iterative,
  title={Iterative Potts and Blake--Zisserman minimization for the recovery of functions with discontinuities from indirect measurements},
  author={Weinmann, Andreas and Storath, Martin},
  journal={Proceedings of the Royal Society A: Mathematical, Physical and Engineering Sciences},
  volume={471},
  number={2176},
  pages={20140638},
  year={2015},
  publisher={The Royal Society Publishing}
}

@article{tome2004piecewise,
  title={Piecewise linear fitting and trend changing points of climate parameters},
  author={Tom{\'e}, AR and Miranda, PMA},
  journal={Geophysical Research Letters},
  volume={31},
  number={2},
  year={2004},
  publisher={Wiley Online Library}
}

@article{karl2000record,
  title={The record breaking global temperatures of 1997 and 1998: Evidence for an increase in the rate of global warming?},
  author={Karl, Thomas R and Knight, Richard W and Baker, Bruce},
  journal={Geophysical Research Letters},
  volume={27},
  number={5},
  pages={719--722},
  year={2000},
  publisher={Wiley Online Library}
}

@article{maidstone2017detecting,
  title={Detecting changes in slope with an $ L\_0 $ penalty},
  author={Maidstone, Robert and Fearnhead, Paul and Letchford, Adam},
  journal={arXiv preprint arXiv:1701.01672},
  year={2017}
}

@article{tibshirani2014adaptive,
  title={Adaptive piecewise polynomial estimation via trend filtering},
  author={Tibshirani, Ryan J and others},
  journal={The Annals of Statistics},
  volume={42},
  number={1},
  pages={285--323},
  year={2014},
  publisher={Institute of Mathematical Statistics}
}

@article{rojas2014change,
  title={On change point detection using the fused lasso method},
  author={Rojas, Cristian R and Wahlberg, Bo},
  journal={arXiv preprint arXiv:1401.5408},
  year={2014}
}

@inproceedings{lin2017sharp,
  title={A sharp error analysis for the fused lasso, with application to approximate changepoint screening},
  author={Lin, Kevin and Sharpnack, James L and Rinaldo, Alessandro and Tibshirani, Ryan J},
  booktitle={Advances in Neural Information Processing Systems},
  pages={6884--6893},
  year={2017}
}

@inproceedings{vostrikova1981detecting,
  title={Detecting “disorder” in multidimensional random processes},
  author={Vostrikova, Lyudmila Yur'evna},
  booktitle={Doklady Akademii Nauk},
  volume={259},
  number={2},
  pages={270--274},
  year={1981},
  organization={Russian Academy of Sciences}
}

@article{cho2015multiple,
  title={Multiple-change-point detection for high dimensional time series via sparsified binary segmentation},
  author={Cho, Haeran and Fryzlewicz, Piotr},
  journal={Journal of the Royal Statistical Society: Series B (Statistical Methodology)},
  volume={77},
  number={2},
  pages={475--507},
  year={2015},
  publisher={Wiley Online Library}
}

@article{enikeeva2013high,
  title={High-dimensional change-point detection with sparse alternatives},
  author={Enikeeva, Farida and Harchaoui, Zaid},
  journal={arXiv preprint arXiv:1312.1900},
  year={2013}
}

@phdthesis{maeng2019adaptive,
  title={Adaptive multiscale approaches to regression and trend segmentation},
  author={Maeng, Hyeyoung},
  year={2019},
  school={The London School of Economics and Political Science (LSE)}
}

@article{cho2016change,
  title={Change-point detection in panel data via double CUSUM statistic},
  author={Cho, Haeran and others},
  journal={Electronic Journal of Statistics},
  volume={10},
  number={2},
  pages={2000--2038},
  year={2016},
  publisher={The Institute of Mathematical Statistics and the Bernoulli Society}
}

@article{fryzlewicz2018tail,
  title={Tail-greedy bottom-up data decompositions and fast multiple change-point detection},
  author={Fryzlewicz, Piotr and others},
  journal={The Annals of Statistics},
  volume={46},
  number={6B},
  pages={3390--3421},
  year={2018},
  publisher={Institute of Mathematical Statistics}
}

@article{kim2009ell_1,
  title={$\backslash$ell\_1 trend filtering},
  author={Kim, Seung-Jean and Koh, Kwangmoo and Boyd, Stephen and Gorinevsky, Dimitry},
  journal={SIAM review},
  volume={51},
  number={2},
  pages={339--360},
  year={2009},
  publisher={SIAM}
}

@article{grundy2020high,
  title={High-Dimensional Changepoint Detection via a Geometrically Inspired Mapping},
  author={Grundy, Thomas and Killick, Rebecca and Mihaylov, Gueorgui},
  journal={arXiv preprint arXiv:2001.05241},
  year={2020}
}

@article{aston2014efficiency,
  title={Efficiency of change point tests in high dimensional settings},
  author={Aston, John AD and Kirch, Claudia},
  journal={arXiv preprint arXiv:1409.1771},
  year={2014}
}

@article{wang2018high,
  title={High dimensional change point estimation via sparse projection},
  author={Wang, Tengyao and Samworth, Richard J},
  journal={Journal of the Royal Statistical Society: Series B (Statistical Methodology)},
  volume={80},
  number={1},
  pages={57--83},
  year={2018},
  publisher={Wiley Online Library}
}