@article{kneip1992statistical,
  title={Statistical tools to analyze data representing a sample of curves},
  author={Kneip, Alois and Gasser, Theo},
  journal={The Annals of Statistics},
  pages={1266--1305},
  year={1992},
  publisher={JSTOR}
}